
    <marc:record>
        <marc:leader>02546cpcaa2200385Ii 4500</marc:leader>
        <marc:controlfield tag="001">004313358</marc:controlfield>
        <marc:controlfield tag="005">20170106151619.0</marc:controlfield>
        <marc:controlfield tag="008">100604i18291830nyu                 eng d</marc:controlfield>
        <marc:datafield tag="024" ind1="8" ind2=" ">
            <marc:subfield code="a">andrewsthomas</marc:subfield>
            <marc:subfield code="d">DUKEPLEAD</marc:subfield>
        </marc:datafield>
        <marc:datafield tag="035" ind1=" " ind2=" ">
            <marc:subfield code="a">637099842</marc:subfield>
        </marc:datafield>
        <marc:datafield tag="040" ind1=" " ind2=" ">
            <marc:subfield code="a">NDD</marc:subfield>
            <marc:subfield code="b">eng</marc:subfield>
            <marc:subfield code="e">rda</marc:subfield>
            <marc:subfield code="e">dacs</marc:subfield>
            <marc:subfield code="c">NDD</marc:subfield>
            <marc:subfield code="d">NDD</marc:subfield>
            <marc:subfield code="d">OCLCO</marc:subfield>
            <marc:subfield code="d">NDD</marc:subfield>
        </marc:datafield>
        <marc:datafield tag="041" ind1=" " ind2=" ">
            <marc:subfield code="a">eng</marc:subfield>
        </marc:datafield>
        <marc:datafield tag="049" ind1=" " ind2=" ">
            <marc:subfield code="a">NDDP</marc:subfield>
        </marc:datafield>
        <marc:datafield tag="090" ind1=" " ind2=" ">
            <marc:subfield code="a">RL.00044</marc:subfield>
        </marc:datafield>
        <marc:datafield tag="100" ind1="1" ind2=" ">
            <marc:subfield code="a">Andrews, Thomas,</marc:subfield>
            <marc:subfield code="e">creator.</marc:subfield>
        </marc:datafield>
        <marc:datafield tag="245" ind1="1" ind2="0">
            <marc:subfield code="a">Thomas Andrews letters,</marc:subfield>
            <marc:subfield code="f">1829-1830.</marc:subfield>
        </marc:datafield>
        <marc:datafield tag="264" ind1=" " ind2="0">
            <marc:subfield code="c">1829-1830.</marc:subfield>
        </marc:datafield>
        <marc:datafield tag="300" ind1=" " ind2=" ">
            <marc:subfield code="a">2</marc:subfield>
            <marc:subfield code="f">items</marc:subfield>
            <marc:subfield code="a">(.1</marc:subfield>
            <marc:subfield code="f">lin. ft.)</marc:subfield>
        </marc:datafield>
        <marc:datafield tag="336" ind1=" " ind2=" ">
            <marc:subfield code="a">text</marc:subfield>
            <marc:subfield code="b">txt</marc:subfield>
            <marc:subfield code="2">rdacontent</marc:subfield>
        </marc:datafield>
        <marc:datafield tag="337" ind1=" " ind2=" ">
            <marc:subfield code="a">unmediated</marc:subfield>
            <marc:subfield code="b">n</marc:subfield>
            <marc:subfield code="2">rdamedia</marc:subfield>
        </marc:datafield>
        <marc:datafield tag="338" ind1=" " ind2=" ">
            <marc:subfield code="a">sheet</marc:subfield>
            <marc:subfield code="b">nb</marc:subfield>
            <marc:subfield code="2">rdacarrier</marc:subfield>
        </marc:datafield>
        <marc:datafield tag="590" ind1=" " ind2=" ">
            <marc:subfield code="a">*alp</marc:subfield>
        </marc:datafield>
        <marc:datafield tag="545" ind1=" " ind2=" ">
            <marc:subfield code="a">Quaker, of Rochester (Monroe Co.), N.Y.</marc:subfield>
        </marc:datafield>
        <marc:datafield tag="590" ind1=" " ind2=" ">
            <marc:subfield code="a">*alp</marc:subfield>
        </marc:datafield>
        <marc:datafield tag="520" ind1="8" ind2=" ">
            <marc:subfield code="a">Collection comprises two letters written to Andrews' mother, Mary, who was a Quaker residing in Salem (Salem Co.), New Jersey. A comparison of the handwriting indicates that the letters may have been written by two Andrews brothers, but the letter dated 1829 is from Thomas. This letter is unusual in that it discusses his recent interracial marriage, to Lavinia (Gilbert) of Rochester, N.Y. After outlining their travel plans for an upcoming visit to Salem, Thomas adds, &quot;I hope the[e] will say nothing about our comeing, I wish it not to be Known.-- Lavinia wishes me to tell the[e] that She is black, or nearly so[,] that the[e] may not be disappointed, when the[e] Sees her. but I can tel[l] the[e] that She is fairer than the Liley, and as Small as the fairy, and gayer than the Rainbow. but She Says She is a Quaker, and I suppose that will be enough for the[e]-- at any rate the[e] will soon have an opportunity of Seeing her, and Judging for thyself.&quot; However, it is not clear whether the couple completed the trip, for the 1830 letter explains delays in their travel. It describes the couple's setting up of housekeeping, the composition of their household, as well as their hopes for their trip to Salem, with plans to return with Mary Andrews or &quot;Clarry&quot; for an extended visit in Rochester.</marc:subfield>
        </marc:datafield>
        <marc:datafield tag="500" ind1=" " ind2=" ">
            <marc:subfield code="a">Cataloged from items.</marc:subfield>
        </marc:datafield>
        <marc:datafield tag="541" ind1=" " ind2=" ">
            <marc:subfield code="a">.</marc:subfield>
            <marc:subfield code="c">Purchase</marc:subfield>
            <marc:subfield code="d">2010;</marc:subfield>
            <marc:subfield code="e">2010-0102</marc:subfield>
            <marc:subfield code="n">.1</marc:subfield>
            <marc:subfield code="o">lin. ft.</marc:subfield>
        </marc:datafield>
        <marc:datafield tag="600" ind1="1" ind2="0">
            <marc:subfield code="a">Andrews, Thomas.</marc:subfield>
        </marc:datafield>
        <marc:datafield tag="600" ind1="1" ind2="0">
            <marc:subfield code="a">Andrews, Lavinia.</marc:subfield>
        </marc:datafield>
        <marc:datafield tag="600" ind1="1" ind2="0">
            <marc:subfield code="a">Andrews, Mary.</marc:subfield>
        </marc:datafield>
        <marc:datafield tag="600" ind1="3" ind2="0">
            <marc:subfield code="a">Andrews family.</marc:subfield>
        </marc:datafield>
        <marc:datafield tag="650" ind1=" " ind2="0">
            <marc:subfield code="a">Interracial marriage</marc:subfield>
            <marc:subfield code="z">New York (State)</marc:subfield>
            <marc:subfield code="z">Monroe County</marc:subfield>
            <marc:subfield code="x">History</marc:subfield>
            <marc:subfield code="y">19th century.</marc:subfield>
        </marc:datafield>
        <marc:datafield tag="650" ind1=" " ind2="0">
            <marc:subfield code="a">Quakers</marc:subfield>
            <marc:subfield code="z">New York (State)</marc:subfield>
        </marc:datafield>
        <marc:datafield tag="651" ind1=" " ind2="0">
            <marc:subfield code="a">Monroe County (N.Y.)</marc:subfield>
            <marc:subfield code="x">Race relations</marc:subfield>
            <marc:subfield code="x">History.</marc:subfield>
        </marc:datafield>
        <marc:datafield tag="856" ind1="4" ind2="2">
            <marc:subfield code="y">Collection guide</marc:subfield>
            <marc:subfield code="u">http://library.duke.edu/digitalcollections/rbmscl/andrewsthomas/inv/</marc:subfield>
        </marc:datafield>
    </marc:record>